@inproceedings{DBLP:conf/smt/ColtellacciMD24,
  author       = {Alessio Coltellacci and
                  Stephan Merz and
                  Gilles Dowek},
  editor       = {Giles Reger and
                  Yoni Zohar},
  title        = {Reconstruction of {SMT} Proofs with Lambdapi},
  booktitle    = {Proceedings of the 22nd International Workshop on Satisfiability Modulo
                  Theories co-located with the 36th International Conference on Computer
                  Aided Verification {(CAV} 2024), 2024},
  series       = {{CEUR} Workshop Proceedings},
  volume       = {3725},
  pages        = {13--23},
  publisher    = {CEUR-WS.org},
  year         = {2024},
}

@inproceedings{DBLP:conf/zum/Alessio23,
  author       = {Alessio Coltellacci},
  editor       = {Uwe Gl{\"{a}}sser and
                  Jos{\'{e}} Creissac Campos and
                  Dominique M{\'{e}}ry and
                  Philippe A. Palanque},
  title        = {Reconstruction of {TLAPS} Proofs Solved by VeriT in Lambdapi},
  booktitle    = {Rigorous State-Based Methods - 9th International Conference, {ABZ}
                  2023, Nancy, France, 2023, Proceedings},
  series       = {Lecture Notes in Computer Science},
  volume       = {14010},
  pages        = {375--377},
  publisher    = {Springer},
  year         = {2023},
}